<?xml version="1.0" encoding="UTF-8" ?><marc:collection xmlns:marc="http://www.loc.gov/MARC21/slim" xmlns:xsi="http://www.w3.org/2001/XMLSchema-instance" xsi:schemaLocation="http://www.loc.gov/MARC21/slim http://www.loc.gov/standards/marcxml/schema/MARC21slim.xsd">
<marc:record><marc:leader>03022nam a2200433 a 4500</marc:leader>
<marc:controlfield tag="001">6643</marc:controlfield>
<marc:controlfield tag="003">aeadna</marc:controlfield><marc:controlfield tag="005">20100502083300.0</marc:controlfield><marc:controlfield tag="006">a      000 0      </marc:controlfield><marc:controlfield tag="008">220811m18981900ua     f     a00| 0dara|d</marc:controlfield><marc:datafield tag="035" ind1=" " ind2=" "><marc:subfield code="a">(Sirsi) 6643</marc:subfield></marc:datafield><marc:datafield tag="040" ind1=" " ind2=" "><marc:subfield code="a">nal</marc:subfield><marc:subfield code="b">ara</marc:subfield><marc:subfield code="e">AACR2</marc:subfield></marc:datafield><marc:datafield tag="041" ind1="0" ind2=" "><marc:subfield code="a">ara</marc:subfield></marc:datafield><marc:datafield tag="043" ind1=" " ind2=" "><marc:subfield code="a">f-ua---</marc:subfield></marc:datafield><marc:datafield tag="050" ind1=" " ind2="4"><marc:subfield code="a">DT77</marc:subfield><marc:subfield code="b">.S4</marc:subfield></marc:datafield><marc:datafield tag="082" ind1="1" ind2="4"><marc:subfield code="a">962</marc:subfield><marc:subfield code="b">21</marc:subfield></marc:datafield><marc:datafield tag="100" ind1="2" ind2=" "><marc:subfield code="a">شاروبيم بك، ميخائيل</marc:subfield><marc:subfield code="d">1853-1918</marc:subfield></marc:datafield><marc:datafield tag="245" ind1="1" ind2="2"><marc:subfield code="a">الكافي في تاريخ مصر القديم والحديث /</marc:subfield><marc:subfield code="c">ميخائيل شاروبيم بك.</marc:subfield></marc:datafield><marc:datafield tag="246" ind1="3" ind2="0"><marc:subfield code="a">تاريخ مصر القديم والحديث</marc:subfield></marc:datafield><marc:datafield tag="250" ind1=" " ind2=" "><marc:subfield code="a">ط.1</marc:subfield></marc:datafield><marc:datafield tag="260" ind1=" " ind2=" "><marc:subfield code="a">القاهرة :</marc:subfield><marc:subfield code="b">المطبعة الكبرى الأميرية ببولاق مصر المحمية ،</marc:subfield><marc:subfield code="c">1898 - 1900 م.</marc:subfield></marc:datafield><marc:datafield tag="300" ind1=" " ind2=" "><marc:subfield code="a">4 ج.  ؛</marc:subfield><marc:subfield code="c">27 سم.</marc:subfield></marc:datafield><marc:datafield tag="500" ind1=" " ind2=" "><marc:subfield code="a">عدد صفحات الأجزاء :(الجزء الأول 379+10ص:   الجزء الثاني 525+3 ص. الجزء الثالث 315+6 ص. الجزء الرابع  520+4 ص.)</marc:subfield></marc:datafield><marc:datafield tag="500" ind1=" " ind2=" "><marc:subfield code="a">نبذة من سيرة المؤلف : ميخائيل شاروبيم (1861 - 1918)، مؤرخ مصري، ولد وتوفي بالقاهرة، تعلم بها، تولى وظائف القضاء والإدارة والمساحة. اعتزل 1903، له مؤلفات منها: &quot;الكافي في تاريخ مصر القديم والحديث&quot; (5 أجزاء)، و &quot;التليد في مذهب أهل التوحيد&quot;، أهديت مكتبته إلى المتحف القبطي.</marc:subfield></marc:datafield><marc:datafield tag="500" ind1=" " ind2=" "><marc:subfield code="a">ورق الكتاب أصفر. مجلد . حالته المادية جيدة. الطباعة حجرية.</marc:subfield></marc:datafield><marc:datafield tag="541" ind1=" " ind2=" "><marc:subfield code="a">الكتاب هدية سمو الشيخ فالح بن ناصر آل ثاني إلى مكتبة مركز الوثائق والدراسات أبو ظبي</marc:subfield></marc:datafield><marc:datafield tag="651" ind1=" " ind2="4"><marc:subfield code="a">مصر</marc:subfield><marc:subfield code="x">تاريخ</marc:subfield><marc:subfield code="y">العصر الحديث</marc:subfield><marc:subfield code="y">الإحتلال البريطاني، 1882-1956 .</marc:subfield></marc:datafield><marc:datafield tag="651" ind1=" " ind2="4"><marc:subfield code="a">مصر</marc:subfield><marc:subfield code="x">تاريخ</marc:subfield><marc:subfield code="y">العصر الحديث</marc:subfield><marc:subfield code="y">عصر إسماعيل (1863-1879).</marc:subfield></marc:datafield><marc:datafield tag="651" ind1=" " ind2="4"><marc:subfield code="a">مصر</marc:subfield><marc:subfield code="x">تاريخ</marc:subfield><marc:subfield code="y">العصر الحديث</marc:subfield><marc:subfield code="y">إبراهيم باشا،  1848- 1848.</marc:subfield></marc:datafield><marc:datafield tag="651" ind1=" " ind2="4"><marc:subfield code="a">مصر</marc:subfield><marc:subfield code="x">تاريخ</marc:subfield><marc:subfield code="y">العصر الحديث</marc:subfield><marc:subfield code="y">عصر محمد علي (1805-1845).</marc:subfield></marc:datafield><marc:datafield tag="651" ind1=" " ind2="4"><marc:subfield code="a">مصر</marc:subfield><marc:subfield code="x">تاريخ</marc:subfield><marc:subfield code="y">العصر الحديث</marc:subfield><marc:subfield code="y">محمد سعيد، (1854 - 1863).</marc:subfield></marc:datafield><marc:datafield tag="651" ind1=" " ind2="4"><marc:subfield code="a">مصر</marc:subfield><marc:subfield code="x">تاريخ</marc:subfield><marc:subfield code="y">العصر الحديث، 1805-    .</marc:subfield></marc:datafield><marc:datafield tag="651" ind1=" " ind2="4"><marc:subfield code="a">مصر</marc:subfield><marc:subfield code="x">تاريخ</marc:subfield><marc:subfield code="y">العصر الحديث</marc:subfield><marc:subfield code="y">الخديوي توفيق (1879 - 1892).</marc:subfield></marc:datafield><marc:datafield tag="651" ind1=" " ind2="4"><marc:subfield code="a">مصر</marc:subfield><marc:subfield code="x">تاريخ</marc:subfield><marc:subfield code="y">العصر الحديث</marc:subfield><marc:subfield code="y">عباس حلمي الأول (1849-1853).</marc:subfield></marc:datafield><marc:datafield tag="651" ind1=" " ind2="4"><marc:subfield code="a">مصر القديمة</marc:subfield><marc:subfield code="x">تاريخ.</marc:subfield></marc:datafield><marc:datafield tag="949" ind1=" " ind2=" "><marc:subfield code="a">962 ش ا ت ا</marc:subfield><marc:subfield code="v">1</marc:subfield><marc:subfield code="w">DDC</marc:subfield><marc:subfield code="i">30018000012292</marc:subfield><marc:subfield code="u">06/23/2003</marc:subfield><marc:subfield code="d">04/26/2010</marc:subfield><marc:subfield code="n">0</marc:subfield><marc:subfield code="t">Book</marc:subfield><marc:subfield code="l">av</marc:subfield><marc:subfield code="m">MAIN</marc:subfield><marc:subfield code="x">RAR</marc:subfield></marc:datafield><marc:datafield tag="949" ind1=" " ind2=" "><marc:subfield code="a">962 ش ا ت ا</marc:subfield><marc:subfield code="v">2</marc:subfield><marc:subfield code="w">DDC</marc:subfield><marc:subfield code="i">30018000012291</marc:subfield><marc:subfield code="u">06/23/2003</marc:subfield><marc:subfield code="d">04/26/2010</marc:subfield><marc:subfield code="n">0</marc:subfield><marc:subfield code="t">Book</marc:subfield><marc:subfield code="l">av</marc:subfield><marc:subfield code="m">MAIN</marc:subfield><marc:subfield code="x">RAR</marc:subfield></marc:datafield><marc:datafield tag="949" ind1=" " ind2=" "><marc:subfield code="a">962 ش ا ت ا</marc:subfield><marc:subfield code="v">3</marc:subfield><marc:subfield code="w">DDC</marc:subfield><marc:subfield code="i">30018000012294</marc:subfield><marc:subfield code="u">06/23/2003</marc:subfield><marc:subfield code="d">04/26/2010</marc:subfield><marc:subfield code="n">0</marc:subfield><marc:subfield code="t">Book</marc:subfield><marc:subfield code="l">av</marc:subfield><marc:subfield code="m">MAIN</marc:subfield><marc:subfield code="x">RAR</marc:subfield></marc:datafield><marc:datafield tag="949" ind1=" " ind2=" "><marc:subfield code="a">962 ش ا ت ا</marc:subfield><marc:subfield code="v">4</marc:subfield><marc:subfield code="w">DDC</marc:subfield><marc:subfield code="i">30018000012293</marc:subfield><marc:subfield code="u">06/23/2003</marc:subfield><marc:subfield code="d">04/26/2010</marc:subfield><marc:subfield code="n">0</marc:subfield><marc:subfield code="t">Book</marc:subfield><marc:subfield code="l">av</marc:subfield><marc:subfield code="m">MAIN</marc:subfield><marc:subfield code="x">RAR</marc:subfield></marc:datafield></marc:record>
</marc:collection>
